@misc{Authors00001,
 author = {Leon Gatys and Matthias Bethge},
 title = {Image style transfer using convolutional neural networks},
 note = {in Proceedings of the IEEE Conference on
Computer Vision and Pattern Recognition},
 year = 2016
}

@misc{Authors00002,
 author = {Alexei Efros and Thomas Leung},
 title = {Texture synthesis
by non-parametric sampling},
 note = {in Proceedings of the Seventh IEEE International
Conference},
 year = 1999
}



@misc{Authors00003,
 author = {Dmitry Ulyanov and Vadim Lebedev},
 title = {Audio texture synthesis and style transfer},
 note = {https://dmitryulyanov.github.io/audio-texture-synthesis-and-style-transfer{\tt }},
 year = 2016
}

@misc{Authors00004,
 author = {Griffin, Daniel and Jae Lim},
 title = {Signal estimation from modified short-time Fourier transform},
 note = {IEEE Transactions on Acoustics, Speech, and Signal Processing 32.2 {\tt }},
 year = 1984
}

@misc{Authors00005,
 author = {Grinstein Eric},
 title = {Audio style transfer},
 note = {arXiv preprint arXiv:1710.11385 {\tt }},
 year = 2017
}

@misc{Authors00006,
 author = {Verma, Prateek and Julius O Smith},
 title = {Neural Style Transfer for Audio Spectograms." arXiv preprint},
 note = {arXiv:1801.01589 {\tt }},
 year = 2018
}

@misc{Authors00007,
 author = {Krizhevsky, Alex and Ilya Sutskever and Geoffrey E. Hinton},
 title = {Imagenet classification with deep convolutional neural networks},
 note = {." Advances in neural information processing systems {\tt }},
 year = 2012
}

@misc{Authors00008,
 author = {Kingma, Diederik and Jimmy Ba},
 title = {Adam: A method for stochastic optimization},
 note = {arXiv preprint arXiv: 1412.6980{\tt }},
 year = 2014
}




